@article{koonin_orthologs_2005,
	title = {Orthologs, paralogs, and evolutionary genomics},
	volume = {39},
	journal = {Annual Review of Genetics},
	author = {Koonin, Eugene V.},
	year = {2005},
	pages = {309--338}
}

@article{bhagwat_psi-blast_2007,
	title = {{PSI}-{BLAST} {Tutorial}},
	language = {en},
	author = {Bhagwat, Medha and Aravind, L.},
	year = {2007},
}

@book{bergman_comparative_2007,
	address = {Totowa (NJ)},
	title = {Comparative {Genomics}: {Volumes} 1 and 2},
	publisher = {Humana Press},
	editor = {Bergman, Nicholas H.},
	year = {2007},
	pmid = {21250292}
}

@article{smith_ontology_2003,
	title = {The {Ontology} of the {Gene} {Ontology}},
	volume = {2003},
	journal = {AMIA Annual Symposium Proceedings},
	author = {Smith, Barry and Williams, Jennifer and Steffen, Schulze-Kremer},
	year = {2003},
	pages = {609--613}
}

@article{consortium_uniprot:_2015,
	title = {{UniProt}: a hub for protein information},
	volume = {43},
	number = {D1},
	journal = {Nucleic Acids Research},
	author = {Consortium, The UniProt},
	month = jan,
	year = {2015},
	pages = {D204--D212}
}

@article{ashburner_gene_2000,
	title = {Gene {Ontology}: tool for the unification of biology},
	volume = {25},
	language = {en},
	number = {1},
	journal = {Nature Genetics},
	author = {Ashburner, Michael and Ball, Catherine A. and Blake, Judith A. and Botstein, David and Butler, Heather and Cherry, J. Michael and Davis, Allan P. and Dolinski, Kara and Dwight, Selina S. and Eppig, Janan T. and Harris, Midori A. and Hill, David P. and Issel-Tarver, Laurie and Kasarskis, Andrew and Lewis, Suzanna and Matese, John C. and Richardson, Joel E. and Ringwald, Martin and Rubin, Gerald M. and Sherlock, Gavin},
	month = may,
	year = {2000},
	pages = {25--29}
}

@article{henikoff_amino_1992,
	title = {Amino acid substitution matrices from protein blocks.},
	volume = {89},
	number = {22},
	journal = {Proceedings of the National Academy of Sciences of the United States of America},
	author = {Henikoff, S and Henikoff, J G},
	month = nov,
	year = {1992},
	pages = {10915--10919}
}

@article{altschul_basic_1990,
	title = {Basic local alignment search tool},
	volume = {215},
	number = {3},
	journal = {Journal of Molecular Biology},
	author = {Altschul, S. F. and Gish, W. and Miller, W. and Myers, E. W. and Lipman, D. J.},
	month = oct,
	year = {1990},
	pages = {403--410}
}

@article{E-treshold-trial1,
	author = {Han, Sangjo and Lee, Byung-chul and Yu, Seung Taek and Jeong, Chan-seok and Lee, Soyoung and Kim, Dongsup}, 
	title = {Fold recognition by combining profile–profile alignment and support vector machine},
	volume = {21}, 
	number = {11}, 
	pages = {2667-2673}, 
	year = {2005}, 
	journal = {Bioinformatics} 
}

@article{E-treshold-trial2,
	title = "Tumor malignancy is engaged to prokaryotic homolog toolbox ",
	journal = "Medical Hypotheses ",
	volume = "78",
	number = "4",
	pages = "435 - 441",
	year = "2012",
	author = "Janaina Fernandes and Patrícia G. Guedes and Celso Luiz S. Lage and Juliany Cola F. Rodrigues and Claudia de Alencar S. Lage"
}

@article{E-treshold-trial3,
    author = {Wu, Sitao and Zhang, Yang},
    institution = {Center for Bioinformatics and Department of Molecular Bioscience, University of Kansas, 2030 Becker Dr, Lawrence, Kansas 66047, USA.},
    journal = {Proteins},
    month = aug,
    number = {2},
    pages = {547--556},
    title = {{MUSTER}: Improving protein sequence profile-profile alignments by using multiple sources of structure information.},
    volume = {72},
    year = {2008}
}

@article{E-treshold-FDR, 
	author={Carroll, H.D. and Williams, A.C. and Davis, A.G. and Spouge, J.L.}, 
	journal={Computational Biology and Bioinformatics, IEEE/ACM Transactions on}, 
	title={Improving Retrieval Efficacy of Homology Searches Using the False Discovery Rate}, 
	year={2015}, 
	volume={12}, 
	number={3}, 
	pages={531-537}, 
	month={May}
},

@article{consortium_gene_2015,
	title = {Gene {Ontology} {Consortium}: going forward},
	volume = {43},
	number = {D1},
	journal = {Nucleic Acids Research},
	author = {Consortium, The Gene Ontology},
	month = jan,
	year = {2015},
	pages = {D1049--D1056}
},

@article{kaw_numerical_2011,
	title = {Numerical {Methods} with {Applications}},
	journal = {Textbooks Collection},
	author = {Kaw, Autar and Kalu, Egwu and Nguyen, Duc},
	month = mar,
	year = {2011}
},

@misc{go_database,
	title = {{GO} {Database}},
	url = {http://geneontology.org/page/go-database},
	urldate = {2015-10-02}
},


@article{conte_scop_2000,
	title = {{SCOP}: a {Structural} {Classification} of {Proteins} database},
	volume = {28},
	language = {en},
	number = {1},
	urldate = {2015-10-05},
	journal = {Nucleic Acids Research},
	author = {Conte, Loredana Lo and Ailey, Bart and Hubbard, Tim J. P. and Brenner, Steven E. and Murzin, Alexey G. and Chothia, Cyrus},
	month = jan,
	year = {2000},
	pmid = {10592240},
	pages = {257--259}
}

@article{finn_pfam_2014,
	title = {Pfam: the protein families database},
	volume = {42},
	number = {D1},
	urldate = {2015-10-05},
	journal = {Nucleic Acids Research},
	author = {Finn, Robert D. and Bateman, Alex and Clements, Jody and Coggill, Penelope and Eberhardt, Ruth Y. and Eddy, Sean R. and Heger, Andreas and Hetherington, Kirstie and Holm, Liisa and Mistry, Jaina and Sonnhammer, Erik L. L. and Tate, John and Punta, Marco},
	month = jan,
	year = {2014},
	pages = {D222--D230}
},

﻿@article {jaap,
author = {George, Richard A. and Heringa, Jaap},
title = {Protein domain identification and improved sequence similarity searching using PSI-BLAST},
journal = {Proteins: Structure, Function, and Bioinformatics},
volume = {48},
number = {4},
publisher = {Wiley Subscription Services, Inc., A Wiley Company},
pages = {672--681},
year = {2002},
}

